,"Type","Date","Num","Name","Memo","Source Name","Account","Amount","Balance","Account Type"
"Parts",,,,,,,,,"",
"5245K12 (Retracting Air Hose Brass Male X Male, 18', 1/4"" ID, 170 PSI)",,,,,,,,,"",
,"Bill","11/08/2023","17316509","General Films:GF12 - 2-Up Bag Machine","Retracting Air Hose Brass Male X Male, 18', 1/4"" ID, 170 PSI","McMaster-Carr Supply Co.","65000  Shop Supplies",49.47,49.47,"Expense"
"Total 5245K12 (Retracting Air Hose Brass Male X Male, 18', 1/4"" ID, 170 PSI)",,,,,,,,49.47,49.47,
"Total Parts",,,,,,,,49.47,49.47,
"No item",,,,,,,,,"",
,"Bill","02/14/2023","6203069","General Films:GF12 - 2-Up Bag Machine",,"AAP Automation, Inc.","51200  Freight-Machinery",6160.00,6160.00,"Cost of Goods Sold"
,"Bill","02/14/2023","6203069","General Films:GF12 - 2-Up Bag Machine","Freight Credit","AAP Automation, Inc.","51200  Freight-Machinery",-830.00,5330.00,"Cost of Goods Sold"
,"Bill","02/21/2023","54598","General Films:GF12 - 2-Up Bag Machine",,"AAP Automation, Inc.","51200  Freight-Machinery",450.00,5780.00,"Cost of Goods Sold"
,"Bill","03/03/2023","6203600","General Films:GF12 - 2-Up Bag Machine",,"AAP Automation, Inc.","51200  Freight-Machinery",879.85,6659.85,"Cost of Goods Sold"
,"Bill","04/25/2023","1717458.02","General Films:GF12 - 2-Up Bag Machine",,"Saginaw Control & Engineering","51200  Freight-Machinery",648.39,7308.24,"Cost of Goods Sold"
,"Bill","06/15/2023","Credit Card","General Films:GF12 - 2-Up Bag Machine",,"Online Components","51200  Freight-Machinery",8.99,7317.23,"Cost of Goods Sold"
,"Bill","06/22/2023","6209974","General Films:GF12 - 2-Up Bag Machine",,"AAP Automation, Inc.","51200  Freight-Machinery",30.34,7347.57,"Cost of Goods Sold"
,"Bill","07/10/2023","6210921","General Films:GF12 - 2-Up Bag Machine",,"AAP Automation, Inc.","51200  Freight-Machinery",48.37,7395.94,"Cost of Goods Sold"
,"Bill","07/25/2023","6211662","General Films:GF12 - 2-Up Bag Machine",,"AAP Automation, Inc.","51200  Freight-Machinery",95.08,7491.02,"Cost of Goods Sold"
,"Bill","07/25/2023","6211605","General Films:GF12 - 2-Up Bag Machine",,"AAP Automation, Inc.","51200  Freight-Machinery",22.50,7513.52,"Cost of Goods Sold"
,"Bill","08/08/2023","52574","General Films:GF12 - 2-Up Bag Machine",,"WescoBHT Manufacturing","51200  Freight-Machinery",32.00,7545.52,"Cost of Goods Sold"
,"Bill","08/11/2023","6212660","General Films:GF12 - 2-Up Bag Machine",,"AAP Automation, Inc.","51200  Freight-Machinery",22.50,7568.02,"Cost of Goods Sold"
,"Bill","08/14/2023","622681","General Films:GF12 - 2-Up Bag Machine",,"Frontier Machining LLC","51200  Freight-Machinery",65.00,7633.02,"Cost of Goods Sold"
,"Bill","08/16/2023","CO16-01046342","General Films:GF12 - 2-Up Bag Machine",,"Motion Industries","51200  Freight-Machinery",36.62,7669.64,"Cost of Goods Sold"
,"Bill","08/18/2023","12933523","General Films:GF12 - 2-Up Bag Machine",,"McMaster-Carr Supply Co.","51200  Freight-Machinery",11.36,7681.00,"Cost of Goods Sold"
,"Bill","08/18/2023","6213029","General Films:GF12 - 2-Up Bag Machine",,"AAP Automation, Inc.","51200  Freight-Machinery",22.50,7703.50,"Cost of Goods Sold"
,"Bill","08/18/2023","123-2839","General Films:GF12 - 2-Up Bag Machine",,"ProAutomation","51200  Freight-Machinery",5.50,7709.00,"Cost of Goods Sold"
,"Bill","08/22/2023","13101831","General Films:GF12 - 2-Up Bag Machine",,"McMaster-Carr Supply Co.","51200  Freight-Machinery",13.77,7722.77,"Cost of Goods Sold"
,"Bill","08/22/2023","6213197","General Films:GF12 - 2-Up Bag Machine",,"AAP Automation, Inc.","51200  Freight-Machinery",22.50,7745.27,"Cost of Goods Sold"
,"Bill","08/22/2023","5382092166","General Films:GF12 - 2-Up Bag Machine",,"Fed Ex Freight","51200  Freight-Machinery",206.70,7951.97,"Cost of Goods Sold"
,"Bill","08/23/2023","13182958","General Films:GF12 - 2-Up Bag Machine",,"McMaster-Carr Supply Co.","51200  Freight-Machinery",12.56,7964.53,"Cost of Goods Sold"
,"Bill","08/24/2023","276743000","General Films:GF12 - 2-Up Bag Machine",,"Fiero Automation","51200  Freight-Machinery",30.17,7994.70,"Cost of Goods Sold"
,"Bill","08/24/2023","13233549","General Films:GF12 - 2-Up Bag Machine",,"McMaster-Carr Supply Co.","51200  Freight-Machinery",9.62,8004.32,"Cost of Goods Sold"
,"Bill","08/24/2023","13232193","General Films:GF12 - 2-Up Bag Machine",,"McMaster-Carr Supply Co.","51200  Freight-Machinery",31.57,8035.89,"Cost of Goods Sold"
,"Bill","08/24/2023","13239431","General Films:GF12 - 2-Up Bag Machine",,"McMaster-Carr Supply Co.","51200  Freight-Machinery",22.61,8058.50,"Cost of Goods Sold"
,"Bill","08/25/2023","2307559-IN","General Films:GF12 - 2-Up Bag Machine",,"Sealcon","51200  Freight-Machinery",11.64,8070.14,"Cost of Goods Sold"
,"Bill","08/25/2023","13306636","General Films:GF12 - 2-Up Bag Machine",,"McMaster-Carr Supply Co.","51200  Freight-Machinery",22.11,8092.25,"Cost of Goods Sold"
,"Bill","08/29/2023","1153659","General Films:GF12 - 2-Up Bag Machine",,"Quality Bearings and Components","51200  Freight-Machinery",25.68,8117.93,"Cost of Goods Sold"
,"Bill","08/31/2023","13533035","General Films:GF12 - 2-Up Bag Machine",,"McMaster-Carr Supply Co.","51200  Freight-Machinery",9.62,8127.55,"Cost of Goods Sold"
,"Bill","08/31/2023","6213677","General Films:GF12 - 2-Up Bag Machine",,"AAP Automation, Inc.","51200  Freight-Machinery",22.50,8150.05,"Cost of Goods Sold"
,"Bill","09/01/2023","13699862","General Films:GF12 - 2-Up Bag Machine",,"McMaster-Carr Supply Co.","51200  Freight-Machinery",23.16,8173.21,"Cost of Goods Sold"
,"Bill","09/06/2023","9001482451","General Films:GF12 - 2-Up Bag Machine",,"Murrelektronik, Inc.","51200  Freight-Machinery",40.69,8213.90,"Cost of Goods Sold"
,"Bill","09/07/2023","13941472","General Films:GF12 - 2-Up Bag Machine",,"McMaster-Carr Supply Co.","51200  Freight-Machinery",31.80,8245.70,"Cost of Goods Sold"
,"Bill","09/08/2023","6213988","General Films:GF12 - 2-Up Bag Machine",,"AAP Automation, Inc.","51200  Freight-Machinery",70.00,8315.70,"Cost of Goods Sold"
,"Bill","09/11/2023","14070697","General Films:GF12 - 2-Up Bag Machine",,"McMaster-Carr Supply Co.","51200  Freight-Machinery",12.15,8327.85,"Cost of Goods Sold"
,"Bill","09/12/2023","6214094","General Films:GF12 - 2-Up Bag Machine",,"AAP Automation, Inc.","51200  Freight-Machinery",22.50,8350.35,"Cost of Goods Sold"
,"Bill","09/13/2023","6214138","General Films:GF12 - 2-Up Bag Machine",,"AAP Automation, Inc.","51200  Freight-Machinery",22.50,8372.85,"Cost of Goods Sold"
,"Bill","09/14/2023","14337905","General Films:GF12 - 2-Up Bag Machine",,"McMaster-Carr Supply Co.","51200  Freight-Machinery",10.35,8383.20,"Cost of Goods Sold"
,"Bill","09/15/2023","9001514196","General Films:GF12 - 2-Up Bag Machine",,"Murrelektronik, Inc.","51200  Freight-Machinery",15.83,8399.03,"Cost of Goods Sold"
,"Bill","09/19/2023","14562319","General Films:GF12 - 2-Up Bag Machine",,"McMaster-Carr Supply Co.","51200  Freight-Machinery",11.43,8410.46,"Cost of Goods Sold"
,"Bill","09/20/2023","14624961","General Films:GF12 - 2-Up Bag Machine",,"McMaster-Carr Supply Co.","51200  Freight-Machinery",10.37,8420.83,"Cost of Goods Sold"
,"Credit Card Charge","09/21/2023",,"General Films:GF12 - 2-Up Bag Machine",,"Sager Electronics","51200  Freight-Machinery",17.52,8438.35,"Cost of Goods Sold"
,"Bill","09/22/2023","6214570","General Films:GF12 - 2-Up Bag Machine",,"AAP Automation, Inc.","51200  Freight-Machinery",22.50,8460.85,"Cost of Goods Sold"
,"Bill","09/26/2023","2985848601","General Films:GF12 - 2-Up Bag Machine",,"Coyote, LLC","51200  Freight-Machinery",1032.77,9493.62,"Cost of Goods Sold"
,"Bill","09/27/2023","15009447","General Films:GF12 - 2-Up Bag Machine",,"McMaster-Carr Supply Co.","51200  Freight-Machinery",24.26,9517.88,"Cost of Goods Sold"
,"Bill","09/27/2023","6214755","General Films:GF12 - 2-Up Bag Machine",,"AAP Automation, Inc.","51200  Freight-Machinery",30.57,9548.45,"Cost of Goods Sold"
,"Bill","09/28/2023","6214893","General Films:GF12 - 2-Up Bag Machine",,"AAP Automation, Inc.","51200  Freight-Machinery",22.50,9570.95,"Cost of Goods Sold"
,"Bill","09/29/2023","0058721","General Films:GF12 - 2-Up Bag Machine",,"Detailed Machining Inc.","51200  Freight-Machinery",120.00,9690.95,"Cost of Goods Sold"
,"Bill","09/29/2023","0058722","General Films:GF12 - 2-Up Bag Machine",,"Detailed Machining Inc.","51200  Freight-Machinery",120.00,9810.95,"Cost of Goods Sold"
,"Bill","10/02/2023","1850","General Films:GF12 - 2-Up Bag Machine",,"CRAVE Technical","51200  Freight-Machinery",475.00,10285.95,"Cost of Goods Sold"
,"Bill","10/02/2023","6215108","General Films:GF12 - 2-Up Bag Machine",,"AAP Automation, Inc.","51200  Freight-Machinery",22.50,10308.45,"Cost of Goods Sold"
,"Bill","10/03/2023","6215188","General Films:GF12 - 2-Up Bag Machine",,"AAP Automation, Inc.","51200  Freight-Machinery",22.50,10330.95,"Cost of Goods Sold"
,"Bill","10/04/2023","LN30169305U4","General Films:GF12 - 2-Up Bag Machine",,"Misumi USA, Inc.","51200  Freight-Machinery",21.29,10352.24,"Cost of Goods Sold"
,"Bill","10/05/2023","PSIN1235910","General Films:GF12 - 2-Up Bag Machine",,"L-COM","51100  Freight-ConMfg-Gen",81.53,10433.77,"Cost of Goods Sold"
,"Bill","10/05/2023","15492353","General Films:GF12 - 2-Up Bag Machine",,"McMaster-Carr Supply Co.","51200  Freight-Machinery",9.78,10443.55,"Cost of Goods Sold"
,"Bill","10/05/2023","PSIN1236010","General Films:GF12 - 2-Up Bag Machine",,"L-COM","51100  Freight-ConMfg-Gen",56.55,10500.10,"Cost of Goods Sold"
,"Bill","10/06/2023","6215333","General Films:GF12 - 2-Up Bag Machine",,"AAP Automation, Inc.","51200  Freight-Machinery",22.50,10522.60,"Cost of Goods Sold"
,"Bill","10/06/2023","0058762","General Films:GF12 - 2-Up Bag Machine",,"Detailed Machining Inc.","51200  Freight-Machinery",250.00,10772.60,"Cost of Goods Sold"
,"Bill","10/06/2023","15535698","General Films:GF12 - 2-Up Bag Machine",,"McMaster-Carr Supply Co.","51200  Freight-Machinery",9.54,10782.14,"Cost of Goods Sold"
,"Bill","10/09/2023","15625084","General Films:GF12 - 2-Up Bag Machine",,"McMaster-Carr Supply Co.","51200  Freight-Machinery",10.37,10792.51,"Cost of Goods Sold"
,"Bill","10/09/2023","CREDIT CARD","General Films:GF12 - 2-Up Bag Machine",,"Allfuses","51200  Freight-Machinery",106.74,10899.25,"Cost of Goods Sold"
,"Bill","10/12/2023","6216793","General Films:GF12 - 2-Up Bag Machine",,"AAP Automation, Inc.","51200  Freight-Machinery",50.00,10949.25,"Cost of Goods Sold"
,"Bill","10/13/2023","DG1048953","General Films:GF12 - 2-Up Bag Machine",,"Professional Plastics","51200  Freight-Machinery",59.94,11009.19,"Cost of Goods Sold"
,"Bill","10/14/2023","5689429303","General Films:GF12 - 2-Up Bag Machine",,"Fed Ex Freight","51100  Freight-ConMfg-Gen",221.01,11230.20,"Cost of Goods Sold"
,"Bill","10/16/2023","16011728","General Films:GF12 - 2-Up Bag Machine",,"McMaster-Carr Supply Co.","51200  Freight-Machinery",10.92,11241.12,"Cost of Goods Sold"
,"Bill","10/17/2023","16090623","General Films:GF12 - 2-Up Bag Machine",,"McMaster-Carr Supply Co.","51200  Freight-Machinery",12.59,11253.71,"Cost of Goods Sold"
,"Bill","10/19/2023","CO16-01051948","General Films:GF12 - 2-Up Bag Machine",,"Motion Industries","51200  Freight-Machinery",32.72,11286.43,"Cost of Goods Sold"
,"Bill","10/19/2023","16237947","General Films:GF12 - 2-Up Bag Machine",,"McMaster-Carr Supply Co.","51200  Freight-Machinery",10.35,11296.78,"Cost of Goods Sold"
,"Bill","10/20/2023","9001618237","General Films:GF12 - 2-Up Bag Machine",,"Murrelektronik, Inc.","51200  Freight-Machinery",20.31,11317.09,"Cost of Goods Sold"
,"Bill","10/23/2023","15788941","General Films:GF12 - 2-Up Bag Machine",,"McMaster-Carr Supply Co.","51200  Freight-Machinery",19.32,11336.41,"Cost of Goods Sold"
,"Bill","10/23/2023","91688003","General Films:GF12 - 2-Up Bag Machine",,"Curbell Plastics, Inc.","51200  Freight-Machinery",15.00,11351.41,"Cost of Goods Sold"
,"Bill","10/23/2023","253927","General Films:GF12 - 2-Up Bag Machine",,"Compression Leasing Services, Inc.","51200  Freight-Machinery",79.00,11430.41,"Cost of Goods Sold"
,"Bill","10/24/2023","CO16-01052545","General Films:GF12 - 2-Up Bag Machine",,"Motion Industries","51200  Freight-Machinery",500.27,11930.68,"Cost of Goods Sold"
,"Bill","10/25/2023","6216223","General Films:GF12 - 2-Up Bag Machine",,"AAP Automation, Inc.","51200  Freight-Machinery",22.50,11953.18,"Cost of Goods Sold"
,"Bill","10/25/2023","CREDIT CARD","General Films:GF12 - 2-Up Bag Machine",,"Alexandria Precision","51100  Freight-ConMfg-Gen",165.49,12118.67,"Cost of Goods Sold"
,"Bill","10/25/2023","2985858602","General Films:GF12 - 2-Up Bag Machine",,"Coyote, LLC","51200  Freight-Machinery",40.00,12158.67,"Cost of Goods Sold"
,"Bill","10/26/2023","6216308","General Films:GF12 - 2-Up Bag Machine",,"AAP Automation, Inc.","51200  Freight-Machinery",173.39,12332.06,"Cost of Goods Sold"
,"Bill","10/26/2023","OC16734768","General Films:GF12 - 2-Up Bag Machine",,"Aerotek Inc","61800  Contract Labor",1788.75,14120.81,"Expense"
,"Bill","10/27/2023","16673017","General Films:GF12 - 2-Up Bag Machine",,"McMaster-Carr Supply Co.","51200  Freight-Machinery",13.30,14134.11,"Cost of Goods Sold"
,"Bill","10/27/2023","123-3795","General Films:GF12 - 2-Up Bag Machine",,"ProAutomation","51200  Freight-Machinery",19.43,14153.54,"Cost of Goods Sold"
,"Bill","10/31/2023","6216480","General Films:GF12 - 2-Up Bag Machine",,"AAP Automation, Inc.","51200  Freight-Machinery",40.01,14193.55,"Cost of Goods Sold"
,"Bill","11/01/2023","16922706","General Films:GF12 - 2-Up Bag Machine",,"McMaster-Carr Supply Co.","51200  Freight-Machinery",57.61,14251.16,"Cost of Goods Sold"
,"Bill","11/01/2023","16922855","General Films:GF12 - 2-Up Bag Machine",,"McMaster-Carr Supply Co.","51200  Freight-Machinery",11.83,14262.99,"Cost of Goods Sold"
,"Bill","11/02/2023","OC16747703","General Films:GF12 - 2-Up Bag Machine",,"Aerotek Inc","61800  Contract Labor",1248.75,15511.74,"Expense"
,"Bill","11/06/2023","6216805","General Films:GF12 - 2-Up Bag Machine",,"AAP Automation, Inc.","51200  Freight-Machinery",46.44,15558.18,"Cost of Goods Sold"
,"Bill","11/06/2023","2985848603","General Films:GF12 - 2-Up Bag Machine",,"Coyote, LLC","51200  Freight-Machinery",178.85,15737.03,"Cost of Goods Sold"
,"Bill","11/07/2023","6216871","General Films:GF12 - 2-Up Bag Machine",,"AAP Automation, Inc.","51200  Freight-Machinery",22.50,15759.53,"Cost of Goods Sold"
,"Bill","11/07/2023","5475441","General Films:GF12 - 2-Up Bag Machine",,"E&G Terminal Corp.","51200  Freight-Machinery",13.81,15773.34,"Cost of Goods Sold"
,"Bill","11/08/2023","17316509","General Films:GF12 - 2-Up Bag Machine",,"McMaster-Carr Supply Co.","51200  Freight-Machinery",11.44,15784.78,"Cost of Goods Sold"
,"Bill","11/08/2023","6216890","General Films:GF12 - 2-Up Bag Machine",,"AAP Automation, Inc.","51200  Freight-Machinery",22.50,15807.28,"Cost of Goods Sold"
,"Bill","11/08/2023","17313232","General Films:GF12 - 2-Up Bag Machine",,"McMaster-Carr Supply Co.","51200  Freight-Machinery",11.33,15818.61,"Cost of Goods Sold"
,"Bill","11/09/2023","OC16758486","General Films:GF12 - 2-Up Bag Machine",,"Aerotek Inc","61800  Contract Labor",472.50,16291.11,"Expense"
,"Credit","11/10/2023","17412277","General Films:GF12 - 2-Up Bag Machine",,"McMaster-Carr Supply Co.","51200  Freight-Machinery",-24.80,16266.31,"Cost of Goods Sold"
,"Credit","11/10/2023","17421369","General Films:GF12 - 2-Up Bag Machine",,"McMaster-Carr Supply Co.","51200  Freight-Machinery",-32.82,16233.49,"Cost of Goods Sold"
,"Bill","11/13/2023","6217214","General Films:GF12 - 2-Up Bag Machine",,"AAP Automation, Inc.","51200  Freight-Machinery",22.50,16255.99,"Cost of Goods Sold"
,"Bill","11/14/2023","17599753","General Films:GF12 - 2-Up Bag Machine",,"McMaster-Carr Supply Co.","51200  Freight-Machinery",13.30,16269.29,"Cost of Goods Sold"
,"Bill","11/17/2023","18595","General Films:GF12 - 2-Up Bag Machine",,"American Feeding Systems, Inc.","51200  Freight-Machinery",21.05,16290.34,"Cost of Goods Sold"
,"Bill","11/20/2023","17887271","General Films:GF12 - 2-Up Bag Machine",,"McMaster-Carr Supply Co.","51200  Freight-Machinery",10.26,16300.60,"Cost of Goods Sold"
,"Bill","11/23/2023","3025921101","General Films:GF12 - 2-Up Bag Machine",,"Coyote, LLC","51200  Freight-Machinery",177.63,16478.23,"Cost of Goods Sold"
,"Bill","11/27/2023","6217760","General Films:GF12 - 2-Up Bag Machine",,"AAP Automation, Inc.","51200  Freight-Machinery",23.02,16501.25,"Cost of Goods Sold"
,"Bill","11/27/2023","18126138","General Films:GF12 - 2-Up Bag Machine",,"McMaster-Carr Supply Co.","51200  Freight-Machinery",21.22,16522.47,"Cost of Goods Sold"
,"Bill","11/29/2023","18301285","General Films:GF12 - 2-Up Bag Machine",,"McMaster-Carr Supply Co.","51200  Freight-Machinery",39.01,16561.48,"Cost of Goods Sold"
,"Bill","11/29/2023","LN30065122U3","General Films:GF12 - 2-Up Bag Machine",,"Misumi USA, Inc.","51200  Freight-Machinery",20.44,16581.92,"Cost of Goods Sold"
,"Bill","11/30/2023","18370960","General Films:GF12 - 2-Up Bag Machine",,"McMaster-Carr Supply Co.","51200  Freight-Machinery",11.73,16593.65,"Cost of Goods Sold"
,"Bill","12/01/2023","6218076","General Films:GF12 - 2-Up Bag Machine",,"AAP Automation, Inc.","51200  Freight-Machinery",22.50,16616.15,"Cost of Goods Sold"
,"Bill","12/04/2023","18497061","General Films:GF12 - 2-Up Bag Machine",,"McMaster-Carr Supply Co.","51200  Freight-Machinery",10.82,16626.97,"Cost of Goods Sold"
,"Bill","12/06/2023","18677312","General Films:GF12 - 2-Up Bag Machine",,"McMaster-Carr Supply Co.","51200  Freight-Machinery",39.34,16666.31,"Cost of Goods Sold"
,"Credit Card Charge","12/11/2023",,"General Films:GF12 - 2-Up Bag Machine",,"United Airlines","68400  Travel Expense",399.62,17065.93,"Expense"
,"Credit Card Charge","12/11/2023",,"General Films:GF12 - 2-Up Bag Machine",,"United Airlines","68400  Travel Expense",96.00,17161.93,"Expense"
,"Credit Card Charge","12/11/2023",,"General Films:GF12 - 2-Up Bag Machine",,"United Airlines","68400  Travel Expense",88.00,17249.93,"Expense"
,"Credit Card Charge","12/11/2023",,"General Films:GF12 - 2-Up Bag Machine",,"United Airlines","68400  Travel Expense",24.00,17273.93,"Expense"
,"Credit Card Charge","12/11/2023",,"General Films:GF12 - 2-Up Bag Machine",,"United Airlines","68400  Travel Expense",24.00,17297.93,"Expense"
,"Bill","12/12/2023","91701293","General Films:GF12 - 2-Up Bag Machine",,"Curbell Plastics, Inc.","51200  Freight-Machinery",15.00,17312.93,"Cost of Goods Sold"
,"Credit Card Charge","12/13/2023",,"General Films:GF12 - 2-Up Bag Machine",,"Freddys","64300  Business Meals",138.16,17451.09,"Expense"
,"Credit Card Charge","12/13/2023",,"General Films:GF12 - 2-Up Bag Machine",,"United Airlines","68400  Travel Expense",72.00,17523.09,"Expense"
,"Credit Card Charge","12/13/2023",,"General Films:GF12 - 2-Up Bag Machine",,"United Airlines","68400  Travel Expense",433.80,17956.89,"Expense"
,"Credit Card Charge","12/13/2023",,"General Films:GF12 - 2-Up Bag Machine",,"United Airlines","68400  Travel Expense",64.00,18020.89,"Expense"
,"Credit Card Charge","12/13/2023",,"General Films:GF12 - 2-Up Bag Machine",,"United Airlines","68400  Travel Expense",79.00,18099.89,"Expense"
,"Credit Card Charge","12/13/2023",,"General Films:GF12 - 2-Up Bag Machine",,"United Airlines","68400  Travel Expense",533.80,18633.69,"Expense"
,"Credit Card Charge","12/13/2023",,"General Films:GF12 - 2-Up Bag Machine",,"United Airlines","68400  Travel Expense",24.00,18657.69,"Expense"
,"Credit Card Charge","12/13/2023",,"General Films:GF12 - 2-Up Bag Machine",,"United Airlines","68400  Travel Expense",24.00,18681.69,"Expense"
,"Credit Card Charge","12/13/2023",,"General Films:GF12 - 2-Up Bag Machine",,"United Airlines","68400  Travel Expense",96.00,18777.69,"Expense"
,"Credit Card Charge","12/17/2023",,"General Films:GF12 - 2-Up Bag Machine",,"Aviators","64300  Business Meals",190.52,18968.21,"Expense"
,"Credit","12/17/2023","CO16-01056385","General Films:GF12 - 2-Up Bag Machine",,"Motion Industries","51200  Freight-Machinery",-500.27,18467.94,"Cost of Goods Sold"
,"Credit Card Charge","12/18/2023",,"General Films:GF12 - 2-Up Bag Machine",,"El Herradero","64300  Business Meals",76.81,18544.75,"Expense"
,"Credit Card Charge","12/18/2023",,"General Films:GF12 - 2-Up Bag Machine",,"Bob Evans","64300  Business Meals",50.97,18595.72,"Expense"
,"Credit Card Charge","12/19/2023",,"General Films:GF12 - 2-Up Bag Machine",,"Coldstone","64300  Business Meals",20.30,18616.02,"Expense"
,"Credit Card Charge","12/19/2023",,"General Films:GF12 - 2-Up Bag Machine",,"The Caroline","64300  Business Meals",262.75,18878.77,"Expense"
,"Credit Card Charge","12/19/2023",,"General Films:GF12 - 2-Up Bag Machine",,"Elways","64300  Business Meals",93.00,18971.77,"Expense"
,"Credit Card Charge","12/19/2023",,"General Films:GF12 - 2-Up Bag Machine",,"United Airlines","68400  Travel Expense",35.00,19006.77,"Expense"
,"Credit Card Charge","12/21/2023",,"General Films:GF12 - 2-Up Bag Machine",,"Shens Szchuan","64300  Business Meals",300.18,19306.95,"Expense"
,"Credit Card Charge","12/22/2023",,"General Films:GF12 - 2-Up Bag Machine",,"United Airlines","68400  Travel Expense",788.80,20095.75,"Expense"
,"Credit Card Charge","12/22/2023",,"General Films:GF12 - 2-Up Bag Machine",,"United Airlines","68400  Travel Expense",148.00,20243.75,"Expense"
,"Credit Card Charge","12/22/2023",,"General Films:GF12 - 2-Up Bag Machine",,"United Airlines","68400  Travel Expense",79.00,20322.75,"Expense"
,"Credit Card Credit","12/22/2023",,"General Films:GF12 - 2-Up Bag Machine",,"United Airlines","68400  Travel Expense",-88.00,20234.75,"Expense"
,"Credit Card Charge","12/22/2023",,"General Films:GF12 - 2-Up Bag Machine",,"Smiths Boathouse","64300  Business Meals",103.46,20338.21,"Expense"
,"Credit Card Charge","12/22/2023",,"General Films:GF12 - 2-Up Bag Machine",,"Chipotle","64300  Business Meals",25.40,20363.61,"Expense"
,"Credit Card Charge","12/23/2023",,"General Films:GF12 - 2-Up Bag Machine",,"National Car Rental","68400  Travel Expense",662.72,21026.33,"Expense"
,"Credit Card Charge","12/23/2023",,"General Films:GF12 - 2-Up Bag Machine",,"Texas Roudhouse","64300  Business Meals",172.85,21199.18,"Expense"
,"Credit Card Charge","12/23/2023",,"General Films:GF12 - 2-Up Bag Machine",,"Home2 Suites","68400  Travel Expense",950.38,22149.56,"Expense"
,"Credit Card Charge","12/23/2023",,"General Films:GF12 - 2-Up Bag Machine",,"Max & Ermas","64300  Business Meals",92.47,22242.03,"Expense"
,"Credit Card Charge","12/23/2023","CC","General Films:GF12 - 2-Up Bag Machine",,"Chipotle","64300  Business Meals",36.17,22278.20,"Expense"
,"Credit Card Charge","12/24/2023",,"General Films:GF12 - 2-Up Bag Machine",,"United Airlines","68400  Travel Expense",8.00,22286.20,"Expense"
,"Credit Card Charge","12/24/2023",,"General Films:GF12 - 2-Up Bag Machine",,"United Airlines","68400  Travel Expense",285.00,22571.20,"Expense"
,"Credit Card Charge","12/24/2023",,"General Films:GF12 - 2-Up Bag Machine",,"Coldstone","64300  Business Meals",7.60,22578.80,"Expense"
,"Credit Card Credit","12/24/2023",,"General Films:GF12 - 2-Up Bag Machine",,"United Airlines","68400  Travel Expense",-79.00,22499.80,"Expense"
,"Credit Card Charge","12/25/2023",,"General Films:GF12 - 2-Up Bag Machine",,"United Airlines","68400  Travel Expense",35.00,22534.80,"Expense"
,"Credit Card Charge","12/25/2023",,"General Films:GF12 - 2-Up Bag Machine",,"United Airlines","68400  Travel Expense",24.00,22558.80,"Expense"
,"Credit Card Charge","12/25/2023",,"General Films:GF12 - 2-Up Bag Machine",,"Dunkin Donuts","64300  Business Meals",13.45,22572.25,"Expense"
,"Credit Card Charge","12/25/2023",,"General Films:GF12 - 2-Up Bag Machine",,"Home2 Suites","68400  Travel Expense",916.64,23488.89,"Expense"
,"Credit Card Charge","12/26/2023",,"General Films:GF12 - 2-Up Bag Machine",,"Hudson","64300  Business Meals",37.51,23526.40,"Expense"
,"Credit Card Charge","12/26/2023",,"General Films:GF12 - 2-Up Bag Machine",,"United Airlines","68400  Travel Expense",6.48,23532.88,"Expense"
,"Credit Card Charge","12/26/2023",,"General Films:GF12 - 2-Up Bag Machine",,"United Airlines","68400  Travel Expense",59.00,23591.88,"Expense"
,"Credit Card Charge","12/26/2023",,"General Films:GF12 - 2-Up Bag Machine",,"United Airlines","68400  Travel Expense",6.48,23598.36,"Expense"
,"Bill","12/27/2023","123-4558","General Films:GF12 - 2-Up Bag Machine",,"ProAutomation","51200  Freight-Machinery",21.35,23619.71,"Cost of Goods Sold"
,"Credit Card Charge","12/28/2023",,"General Films:GF12 - 2-Up Bag Machine",,"Bob Evans","64300  Business Meals",15.72,23635.43,"Expense"
,"Credit Card Charge","12/28/2023",,"General Films:GF12 - 2-Up Bag Machine",,"Texas Roudhouse","64300  Business Meals",42.80,23678.23,"Expense"
,"Credit Card Charge","12/29/2023",,"General Films:GF12 - 2-Up Bag Machine",,"Bob Evans","64300  Business Meals",15.72,23693.95,"Expense"
,"Credit Card Charge","12/29/2023",,"General Films:GF12 - 2-Up Bag Machine",,"Texas Roudhouse","64300  Business Meals",52.24,23746.19,"Expense"
,"General Journal","12/29/2023","GF12WIP","General Films:GF12 - 2-Up Bag Machine",,"General Films:GF12 - 2-Up Bag Machine","50000  COGS - Machinery",766828.36,790574.55,"Cost of Goods Sold"
,"Credit Card Charge","12/30/2023",,"General Films:GF12 - 2-Up Bag Machine",,"Max & Ermas","64300  Business Meals",22.90,790597.45,"Expense"
,"Credit Card Charge","12/30/2023",,"General Films:GF12 - 2-Up Bag Machine",,"Day Dayton Marketplace","68400  Travel Expense",18.25,790615.70,"Expense"
,"Credit Card Charge","12/30/2023",,"General Films:GF12 - 2-Up Bag Machine",,"Home2 Suites","68400  Travel Expense",624.03,791239.73,"Expense"
,"Credit Card Charge","12/30/2023",,"General Films:GF12 - 2-Up Bag Machine",,"National Car Rental","68400  Travel Expense",508.53,791748.26,"Expense"
,"Bill","01/04/2024","19883112","General Films:GF12 - 2-Up Bag Machine",,"McMaster-Carr Supply Co.","51200  Freight-Machinery",10.30,791758.56,"Cost of Goods Sold"
"Total no item",,,,,,,,791758.56,791758.56,
"TOTAL",,,,,,,,791808.03,791808.03,
